<?xml version="1.0" encoding="UTF-8"?><collection xmlns="http://www.loc.gov/MARC21/slim"><record><leader>00441nam--2200133-i-4500</leader><controlfield tag="001">000032580</controlfield><controlfield tag="002">20161230</controlfield><controlfield tag="005">20161230201039</controlfield><controlfield tag="008">060222s1000------------r-----000-0-eng-d</controlfield><datafield ind1=" " ind2=" " tag="080"><subfield code="a">621.391(043):621.38.049.7(043)</subfield></datafield><datafield ind1=" " ind2=" " tag="100"><subfield code="a">Mlynek, Daniel</subfield></datafield><datafield ind1=" " ind2=" " tag="245"><subfield code="a">Contribution a l`etude des procedes de transfert d`informations dans un systeme. application au systeme camac. these</subfield></datafield><datafield ind1=" " ind2=" " tag="260"><subfield code="a">Strasbourg, Univ.Louis Pasteur, 1972, 172p</subfield></datafield><datafield ind1=" " ind2=" " tag="852"><subfield code="a">40279</subfield></datafield></record></collection>